<record><leader>00000cas a2200000 a 4500</leader><controlfield tag="001">34835690</controlfield><controlfield tag="007">hd afu---bucu</controlfield><controlfield tag="007">hd bfu---buau</controlfield><controlfield tag="007">hd bfu---bubu</controlfield><controlfield tag="008">960531d19uu1uuuoruar p a     0   a0eng c</controlfield><datafield ind1=" " ind2=" " tag="010"><subfield code="a">sn 99063810 </subfield></datafield><datafield ind1=" " ind2=" " tag="040"><subfield code="a">SOS</subfield><subfield code="b">eng</subfield><subfield code="c">SOS</subfield><subfield code="d">OCN</subfield><subfield code="d">OCL</subfield><subfield code="d">OCLCQ</subfield><subfield code="d">ORU</subfield><subfield code="d">OCLCQ</subfield></datafield><datafield ind1=" " ind2=" " tag="042"><subfield code="a">pcc</subfield></datafield><datafield ind1=" " ind2=" " tag="043"><subfield code="a">n-us-or</subfield></datafield><datafield ind1="1" ind2="4" tag="050"><subfield code="a">F884.J32</subfield><subfield code="b">S68</subfield></datafield><datafield ind1="0" ind2="0" tag="245"><subfield code="a">Souvenir of Jacksonville, Oregon</subfield><subfield code="h">[microform].</subfield></datafield><datafield ind1="1" ind2=" " tag="246"><subfield code="i">Issue for 1959 has title:</subfield><subfield code="a">Souvenir of Gold Rush Jubilee, Jacksonville, Ore</subfield></datafield><datafield ind1="1" ind2="6" tag="246"><subfield code="a">Jacksonville goldrush gazette</subfield><subfield code="f">1959</subfield></datafield><datafield ind1=" " ind2=" " tag="260"><subfield code="a">[S.l. :</subfield><subfield code="b">s.n.]</subfield></datafield><datafield ind1=" " ind2=" " tag="260"><subfield code="3">&lt;1959-&gt;</subfield><subfield code="a">Jacksonville, Or. :</subfield><subfield code="b">Jacksonville Lion's Club</subfield></datafield><datafield ind1=" " ind2=" " tag="300"><subfield code="a">v. :</subfield><subfield code="b">ill. ;</subfield><subfield code="c">22-23 cm.</subfield></datafield><datafield ind1=" " ind2=" " tag="310"><subfield code="a">Annual</subfield></datafield><datafield ind1=" " ind2=" " tag="500"><subfield code="a">Issue for 1959 called Centennial edition.</subfield></datafield><datafield ind1=" " ind2=" " tag="588"><subfield code="a">Description based on: Aug. 1st and 2nd 1953; title from cover.</subfield></datafield><datafield ind1=" " ind2=" " tag="588"><subfield code="a">Latest issue consulted: Aug. 4th and 5th 1962.</subfield></datafield><datafield ind1=" " ind2=" " tag="533"><subfield code="a">Microfilm.</subfield><subfield code="m">1959:Aug. 1-2.</subfield><subfield code="b">Eugene, Or. :</subfield><subfield code="c">University of Oregon Newspaper Microfilming.</subfield><subfield code="e">1 microfilm reel ; 35 mm.</subfield><subfield code="n">Filmed with other titles.</subfield></datafield><datafield ind1=" " ind2="0" tag="651"><subfield code="a">Jacksonville (Or.)</subfield><subfield code="x">History</subfield><subfield code="v">Periodicals.</subfield></datafield><datafield ind1="2" ind2=" " tag="711"><subfield code="a">Jacksonville Gold Rush Jubilee.</subfield></datafield><datafield ind1="1" ind2=" " tag="776"><subfield code="c">Original</subfield><subfield code="w">(DLC)  2013260018</subfield><subfield code="w">(OCoLC)76182006</subfield></datafield></record>